<collection xmlns="http://www.loc.gov/MARC21/slim">
<record>
  <leader>01073nam0a22002171i 450 </leader>
  <controlfield tag="001">IT\ICCU\CNCE\072261</controlfield>
  <controlfield tag="005">20071219000000.0</controlfield>
  <datafield tag="100" ind1=" " ind2=" ">
    <subfield code="a">20071219f1562        0itac0103    ba</subfield>
  </datafield>
  <datafield tag="101" ind1=" " ind2=" ">
    <subfield code="a">ITA</subfield>
  </datafield>
  <datafield tag="102" ind1=" " ind2=" ">
    <subfield code="a">UN</subfield>
  </datafield>
  <datafield tag="200" ind1="1" ind2=" ">
    <subfield code="a">Di una epistola latina del cardinal Osio scritta all&apos;illustrissimo signor duca di Brunsuico, nella causa del Concilio. A&apos;fratelli d&apos;Italia</subfield>
  </datafield>
  <datafield tag="210" ind1=" " ind2=" ">
    <subfield code="d">\1562!</subfield>
  </datafield>
  <datafield tag="215" ind1=" " ind2=" ">
    <subfield code="a">\24! c.</subfield>
    <subfield code="d">8ʻ</subfield>
  </datafield>
  <datafield tag="300" ind1=" " ind2=" ">
    <subfield code="a">L&apos;autore si ricava in calce al testo. - Per la data cfr.: R. A. Pierce, Pier Paolo Vergerio the propagandist, p. 232</subfield>
  </datafield>
  <datafield tag="700" ind1=" " ind2="1">
    <subfield code="a">Vergerio,</subfield>
    <subfield code="b">Pietro Paolo</subfield>
    <subfield code="c"> &lt;il giovane&gt;</subfield>
    <subfield code="3">IT\ICCU\CNCA\000160</subfield>
  </datafield>
  <datafield tag="712" ind1="0" ind2="2">
    <subfield code="a">s.n.</subfield>
    <subfield code="3">IT\ICCU\CNCT\000002</subfield>
    <subfield code="4">650</subfield>
  </datafield>
  <datafield tag="790" ind1=" " ind2="1">
    <subfield code="a">Vergerius,</subfield>
    <subfield code="b">Petrus Paulus</subfield>
    <subfield code="c"> &lt;il giovane&gt;</subfield>
    <subfield code="3">IT\ICCU\CNCA\024758</subfield>
    <subfield code="z">Vergerio, Pietro Paolo &lt;il giovane&gt;</subfield>
  </datafield>
  <datafield tag="790" ind1=" " ind2="0">
    <subfield code="a">Atanasio</subfield>
    <subfield code="c"> &lt;1498-1565&gt;</subfield>
    <subfield code="3">IT\ICCU\CNCA\027141</subfield>
    <subfield code="z">Vergerio, Pietro Paolo &lt;il giovane&gt;</subfield>
  </datafield>
  <datafield tag="790" ind1=" " ind2="1">
    <subfield code="a">Rasoro,</subfield>
    <subfield code="b">Ludovico</subfield>
    <subfield code="3">IT\ICCU\CNCA\027745</subfield>
    <subfield code="z">Vergerio, Pietro Paolo &lt;il giovane&gt;</subfield>
  </datafield>
  <datafield tag="790" ind1=" " ind2="1">
    <subfield code="a">Bonini,</subfield>
    <subfield code="b">Bonino de</subfield>
    <subfield code="3">IT\ICCU\CNCA\028764</subfield>
    <subfield code="z">Vergerio, Pietro Paolo &lt;il giovane&gt;</subfield>
  </datafield>
  <datafield tag="801" ind1=" " ind2="3">
    <subfield code="a">IT</subfield>
    <subfield code="b">ICCU</subfield>
    <subfield code="c">20201115</subfield>
  </datafield>
</record>
</collection>
